<?xml version="1.0" encoding="UTF-8"?><record xmlns="http://www.loc.gov/MARC21/slim" xmlns:cinclude="http://apache.org/cocoon/include/1.0" xmlns:zs="http://www.loc.gov/zing/srw/">
  <leader>00419nz  a2200133n  4500</leader>
  <controlfield tag="001">n  97069206 </controlfield>
  <controlfield tag="003">DLC</controlfield>
  <controlfield tag="005">19970709110655.4</controlfield>
  <controlfield tag="008">970709n| acannaab|          |a aaa |||  </controlfield>
  <datafield tag="010" ind1=" " ind2=" ">
    <subfield code="a">n  97069206 </subfield>
  </datafield>
  <datafield tag="040" ind1=" " ind2=" ">
    <subfield code="a">DLC</subfield>
    <subfield code="c">DLC</subfield>
  </datafield>
  <datafield tag="100" ind1="1" ind2="0">
    <subfield code="a">Arrhenius, Peter.</subfield>
    <subfield code="t">Pingvinkvartetten.</subfield>
    <subfield code="l">English</subfield>
  </datafield>
  <datafield tag="400" ind1="1" ind2="0">
    <subfield code="a">Arrhenius, Peter.</subfield>
    <subfield code="t">Penguin Quartet</subfield>
  </datafield>
  <datafield tag="670" ind1=" " ind2=" ">
    <subfield code="a">The Penguin Quartet, 1998:</subfield>
    <subfield code="b">CIP t.p. (Penguin Quartet) t.p. verso (Pingvinkvartetten)</subfield>
  </datafield>
</record>